@MANUAL{exemple,
    author = {M. Goossens and F. Mittelbach and A. Samarin},
    title = {The {\LaTeX} companion},
    publisher = {Addison-Wesley},
    address = {New-York},
    year = {1994}
}

@article{hastings1991,
	title = {Chaos in a {Three}-{Species} {Food} {Chain}},
	volume = {72},
	issn = {00129658},
	url = {http://doi.wiley.com/10.2307/1940591},
	doi = {10.2307/1940591},
	abstract = {A continuous time model of a food chain incorporating nonlinear functional (and numerical) responses exhibits chaotic dynamics in long-term behavior when biologically reasonable parameter values are chosen. The appearance of chaos in this model suggests that chaotic dynamics may be common in natural food webs.},
	language = {en},
	number = {3},
	urldate = {2019-02-28},
	journal = {Ecology},
	author = {Hastings, Alan and Powell, Thomas},
	month = jun,
	year = {1991},
	pages = {896--903},
	file = {Hastings_Powell_1991_Chaos in a Three-Species Food.pdf:C\:\\Users\\Gabriel\\Zotero\\storage\\T4UCH8TA\\Hastings_Powell_1991_Chaos in a Three-Species Food.pdf:application/pdf}
}